@misc{dewolf2021quantum,
      title={Quantum Computing: Lecture Notes}, 
      author={Ronald de Wolf},
      year={2021},
      eprint={1907.09415},
      archivePrefix={arXiv},
      primaryClass={quant-ph}
}

@article{Venegas_Andraca_2012,
   title={Quantum walks: a comprehensive review},
   volume={11},
   ISSN={1573-1332},
   url={http://dx.doi.org/10.1007/s11128-012-0432-5},
   DOI={10.1007/s11128-012-0432-5},
   number={5},
   journal={Quantum Information Processing},
   publisher={Springer Science and Business Media LLC},
   author={Venegas-Andraca, Salvador Elías},
   year={2012},
   month={Jul},
   pages={1015–1106}
}

@book{portugal_2019, 
   author={Portugal, Renato}, 
   title={Quantum Walks and Search Algorithms}, 
   collection={Quantum Science and Technology},
   edition={2}, 
   year={2019}, 
   publisher={Springer}
}

@misc{Microsoft_Q_2021,
   author = {Bradben and dime10 and geduardo and cjgronlund and rmshaffer and gillenhaalb},
   title = {Q\# user guide},
   year = {2021},
   howpublished = {https://docs.microsoft.com/en-us/azure/quantum/user-guide/0}
}

@misc{Jaffe_2007,
  author       = {Jaffe, R. L.},
  title        = {Supplementary notes on Dirac notation, quantum states and etc.},
  howpublished = {http://web.mit.edu/8.05/handouts/jaffe1.pdf},
  year         = {2007}
}

@article{Portugal_2015,
   title={The staggered quantum walk model},
   volume={15},
   ISSN={1573-1332},
   url={http://dx.doi.org/10.1007/s11128-015-1149-z},
   DOI={10.1007/s11128-015-1149-z},
   number={1},
   journal={Quantum Information Processing},
   publisher={Springer Science and Business Media LLC},
   author={Portugal, R. and Santos, R. A. M. and Fernandes, T. D. and Gonçalves, D. N.},
   year={2015},
   month={Oct},
   pages={85–101}
}

@misc{apers2019unified,
      title={A Unified Framework of Quantum Walk Search}, 
      author={Simon Apers and András Gilyén and Stacey Jeffery},
      year={2019},
      eprint={1912.04233},
      archivePrefix={arXiv},
      primaryClass={quant-ph}
}

@misc{apers2019quantum,
      title={Quantum Fast-Forwarding: Markov Chains and Graph Property Testing}, 
      author={Simon Apers and Alain Sarlette},
      year={2019},
      eprint={1804.02321},
      archivePrefix={arXiv},
      primaryClass={quant-ph}
}

@article{PhysRevA.86.042331,
  title = {General framework for quantum search algorithms},
  author = {Tulsi, Avatar},
  journal = {Phys. Rev. A},
  volume = {86},
  issue = {4},
  pages = {042331},
  numpages = {9},
  year = {2012},
  month = {Oct},
  publisher = {American Physical Society},
  doi = {10.1103/PhysRevA.86.042331},
  url = {https://link.aps.org/doi/10.1103/PhysRevA.86.042331}
}
